@InProceedings{C2,
  author = 	 "Jones, C.D. and Smith, A.B. and Roberts, E.F.",
  title =        "Article Title",
  booktitle =        "Proceedings Title",
  organization = "IEEE",
  year = 	 "2003",
  volume = 	 "II",
  pages = 	 "803-806"
}

@article{approxMed,
    author = {McFarlane, N. J. B. and Schofield, C. P.},
    citeulike-article-id = {6017582},
    citeulike-linkout-0 = {http://dx.doi.org/10.1007/BF01215814},
    citeulike-linkout-1 = {http://www.springerlink.com/content/qgl74778617tq121},
    day = {1},
    doi = {10.1007/BF01215814},
    journal = {Machine Vision and Applications},
    keywords = {approximate\_median, background\_subtraction},
    month = may,
    number = {3},
    pages = {187--193},
    posted-at = {2009-10-28 06:42:15},
    priority = {4},
    title = {{Segmentation and tracking of piglets in images}},
    url = {http://dx.doi.org/10.1007/BF01215814},
    volume = {8},
    year = {1995}
}




@INPROCEEDINGS{FriedmanGMM,
    author = {Nir Friedman and Stuart Russell},
    title = {Image segmentation in video sequences: A probabilistic approach},
    booktitle = {},
    year = {1997},
    pages = {175--181}
}


@INPROCEEDINGS{ZivGMM,
author={Zivkovic, Z.},
booktitle={Proceedings of the 17th International Conference on Pattern Recognition}, title={Improved adaptive Gaussian mixture model for background subtraction},
year={2004},
month={aug.},
volume={2},
number={},
pages={ 28 - 31 Vol.2},
keywords={ adaptive Gaussian mixture model; background subtraction; computer vision; pixel-level approach; probability density; recursive equations; Gaussian processes; computer vision; recursive functions;},
doi={10.1109/ICPR.2004.1333992},
ISSN={1051-4651 }
}

@article{RPCA09,
  author    = {Emmanuel J. Cand{\`e}s and
               Xiaodong Li and
               Yi Ma and
               John Wright},
  title     = {Robust Principal Component Analysis?},
  journal   = {CoRR},
  volume    = {abs/0912.3599},
  year      = {2009},
  ee        = {http://arxiv.org/abs/0912.3599},
  bibsource = {DBLP, http://dblp.uni-trier.de}
}

@inproceedings{GRASTA12,
  author    = {Jun He and
               Laura Balzano and
               Arthur Szlam},
  title     = {Incremental gradient on the Grassmannian for online foreground
               and background separation in subsampled video},
  booktitle = {CVPR},
  year      = {2012},
  pages     = {1568-1575},
  ee        = {http://doi.ieeecomputersociety.org/10.1109/CVPR.2012.6247848},
  crossref  = {DBLP:conf/cvpr/2012},
  bibsource = {DBLP, http://dblp.uni-trier.de}
}
